@book{knoll,
  title={Radiation detection and measurement},
  author={Knoll, Glenn F},
  year={2010},
  publisher={John Wiley \& Sons}
}

@book{morse,
  title={Analytical Methods for Nonproliferation},
  author={Morse, Edward C},
  year={2016},
  publisher={Springer}
}

@techreport{compendium,
  title={Compendium of material composition data for radiation transport modeling},
  author={McConn, Ronald J and Gesh, Christopher J and Pagh, Richard T and Rucker, Robert A and Williams III, Robert},
  year={2011},
  institution={Pacific Northwest National Lab.(PNNL), Richland, WA (United States)}
}

@inproceedings{cosima,
  title={Cosimaâ€”the cosmic simulator of MEGAlib},
  author={Zoglauer, Andreas and Weidenspointner, Georg and Galloway, Michelle and Boggs, Steven E and Wunderer, Cornelia B},
  booktitle={2009 IEEE Nuclear Science Symposium Conference Record (NSS/MIC)},
  pages={2053--2059},
  year={2009},
  organization={IEEE}
}

@incollection{canny,
  title={A computational approach to edge detection},
  author={Canny, John},
  booktitle={Readings in computer vision},
  pages={184--203},
  year={1987},
  publisher={Elsevier}
}

@article{ransac,
  title={Random sample consensus: a paradigm for model fitting with applications to image analysis and automated cartography},
  author={Fischler, Martin A and Bolles, Robert C},
  journal={Communications of the ACM},
  volume={24},
  number={6},
  pages={381--395},
  year={1981},
  publisher={ACM}
}

@article{mass_att_coeff,
title = {XCOM: Photon cross sections on a personal computer},
author = {Berger, M.J. and Hubbell, J.H.},
abstractNote = {A computer program and data base are presented which can be used to calculate, with a personal computer, photon cross sections for scattering, photoelectric absorption and pair production, as well as total attenuation coefficients, in any element, compound or mixture, at energies from 1 keV to 100 GeV.},
doi = {10.2172/6016002},
place = {United States},
year = {1987},
month = {7}
}
